<record><leader>00000cas a22000007a 4500</leader><controlfield tag="001">29688290</controlfield><controlfield tag="008">940126d19061909cauwr ne      0    0eng d</controlfield><datafield ind1=" " ind2=" " tag="010"><subfield code="a">sn 94051576 </subfield></datafield><datafield ind1=" " ind2=" " tag="040"><subfield code="a">CNK</subfield><subfield code="b">eng</subfield><subfield code="c">CNK</subfield><subfield code="d">OCLCQ</subfield><subfield code="d">OCLCF</subfield><subfield code="d">OCLCO</subfield></datafield><datafield ind1="1" ind2=" " tag="029"><subfield code="a">AU@</subfield><subfield code="b">000025865793</subfield></datafield><datafield ind1=" " ind2=" " tag="042"><subfield code="a">msc</subfield></datafield><datafield ind1=" " ind2=" " tag="043"><subfield code="a">n-us-ca</subfield></datafield><datafield ind1="0" ind2="0" tag="245"><subfield code="a">Chino champion and Chino Valley champion.</subfield></datafield><datafield ind1="1" ind2=" " tag="246"><subfield code="i">Published as:</subfield><subfield code="a">Chino champion</subfield><subfield code="f">Jan. 4-Feb. 15, 1907</subfield></datafield><datafield ind1="1" ind2="3" tag="246"><subfield code="a">Chino Valley champion</subfield><subfield code="f">&lt;July 19, 1907&gt;-Aug. 20, 1909</subfield></datafield><datafield ind1=" " ind2=" " tag="260"><subfield code="a">Chino, San Bernardino Co., Cal. :</subfield><subfield code="b">Chas. A. Gardner</subfield></datafield><datafield ind1=" " ind2=" " tag="300"><subfield code="a">v.</subfield></datafield><datafield ind1=" " ind2=" " tag="310"><subfield code="a">Weekly</subfield></datafield><datafield ind1="0" ind2=" " tag="362"><subfield code="a">19th year, no. 32 (May 4, 1906)-22nd year, no. 42 (Aug. 20, 1909).</subfield></datafield><datafield ind1=" " ind2=" " tag="500"><subfield code="a">"And Chino Valley Champion" appears in small print beneath "Chino Champion."</subfield></datafield><datafield ind1=" " ind2=" " tag="515"><subfield code="a">Numbering is irregular.</subfield></datafield><datafield ind1=" " ind2="0" tag="651"><subfield code="a">Chino (Calif.)</subfield><subfield code="v">Newspapers.</subfield></datafield><datafield ind1=" " ind2="7" tag="655"><subfield code="a">Newspapers.</subfield><subfield code="2">fast</subfield><subfield code="0">(OCoLC)fst01423814</subfield></datafield><datafield ind1=" " ind2="7" tag="651"><subfield code="a">California</subfield><subfield code="z">Chino.</subfield><subfield code="2">fast</subfield><subfield code="0">(OCoLC)fst01217506</subfield></datafield><datafield ind1=" " ind2=" " tag="752"><subfield code="a">United States</subfield><subfield code="b">California</subfield><subfield code="c">San Bernardino</subfield><subfield code="d">Chino.</subfield></datafield><datafield ind1="0" ind2="0" tag="780"><subfield code="t">Chino Valley champion</subfield><subfield code="w">(DLC)sn 85066377</subfield></datafield><datafield ind1="0" ind2="0" tag="785"><subfield code="t">Chino champion</subfield><subfield code="w">(DLC)sn 94051577</subfield></datafield></record>